@misc{PoliceAmmoUsage2024,
  title        = {Annual Ammunition Usage Report},
  author       = {Anonymous},
  year         = {2024},
  note         = {Data provided by a local police department on their annual ammunition usage for training purposes.}
}
@patent{LopezGarciaPatent,
  author       = {Lopez Garcia, Grigori},
  title        = {Device for Collecting Spent Cartridges},
  number       = {US-20150264865-A1},
  url          = {https://ppubs.uspto.gov/dirsearch-public/print/downloadPdf/20150264865},
  year         = {2015},
  note         = {Patent filed for a device designed to automate the collection of spent firearm cartridges.}
}
@online{AmmoUp2024,
  author       = {{AmmoUp, LLC}},
  title        = {Products for Rifle and Pistol Brass Collection},
  year         = {2024},
  url          = {https://ammoupusa.com/product-cat/products/rifle-and-pistol-brass/},
  urldate      = {2024-05-09},
  note         = {Commercial page listing Ammo-Up's products designed for collecting spent brass casings.}
}


